
@unpublished{byronKeynoteBriefHistory2019,
  title = {Keynote: {{A Brief History}} of {{GraphQL}}},
  url = {https://www.youtube.com/watch?v=VjHWkBr3tjI},
  shorttitle = {{{GraphQL Keynote}}},
  abstract = {Keynote: A Brief History of GraphQL - Lee Byron, Co-Creator of GraphQL\&nbsp;

Lee Byron
GraphQL, Design Technologist},
  eventtitle = {Open {{Source Leadership Summit}} 2019},
  urldate = {2019-10-02},
  date = {2019-11-03},
  author = {Byron, Lee}
}

@book{masseRESTAPIDesign2012,
  langid = {english},
  location = {{Beijing}},
  title = {{{REST API}} Design Rulebook: Designing Consistent {{RESTful Web Service Interfaces}}},
  isbn = {978-1-4493-1050-9},
  shorttitle = {{{REST API}} Design Rulebook},
  pagetotal = {94},
  publisher = {{O'Reilly}},
  date = {2012},
  author = {Massé, Mark},
  file = {/Users/joshgibson/Zotero/storage/NXKTDQJ3/Massé - 2012 - REST API design rulebook designing consistent RES.pdf}
}

@unpublished{fieldingArchitecturalStylesDesign2000,
  langid = {english},
  location = {{University of California, Irvine}},
  title = {Architectural {{Styles}} and the {{Design}} of {{Network}}-Based {{Software Architectures}}},
  type = {Doctoral Dissertation},
  howpublished = {Doctoral Dissertation},
  date = {2000},
  author = {Fielding, Roy Thomas},
  file = {/Users/joshgibson/Zotero/storage/L8N6DBLY/Fielding - 2000 - in Information and Computer Science.pdf}
}

@audio{redhatinc.CreatingJavaScript,
  title = {Creating {{JavaScript}}},
  url = {https://www.redhat.com/en/command-line-heroes/season-3/creating-javascript},
  number = {3.3},
  series = {Command {{Line Heroes}}},
  urldate = {2019-11-13},
  author = {Red Hat, Inc.}
}

@article{bucholtzNewLanguageAims1995,
  langid = {english},
  title = {New Language Aims for {{Web}} Supremacy},
  volume = {229},
  issn = {00402656},
  url = {http://search.proquest.com/docview/213962331/abstract/E93A6030A0874858PQ/1},
  abstract = {Sun Microsystems Inc. and Netscape Communications Corp. have announced JavaScript, an easy-to-use object oriented-programming language for the World Wide Web. Users can assemble applications from prefabricated chunks of computer code, rather than having to write those components from scratch. The new language will be distributed free through the Internet.},
  number = {24},
  journaltitle = {Telephony; Chicago},
  urldate = {2019-10-13},
  date = {1995-12-11},
  pages = {12},
  keywords = {Communications--Telephone And Telegraph,Freeware,Object oriented programming,Product introduction,Programming languages,World Wide Web},
  author = {Bucholtz, Chris},
  file = {/Users/joshgibson/Zotero/storage/MTVT5DIN/Bucholtz - 1995 - New language aims for Web supremacy.pdf}
}


